<?xml version="1.0" encoding="UTF-8"?><record xmlns="http://www.loc.gov/MARC21/slim" xmlns:cinclude="http://apache.org/cocoon/include/1.0" xmlns:zs="http://www.loc.gov/zing/srw/">
  <leader>00532nz  a2200133n  4500</leader>
  <controlfield tag="001">nr2004015791</controlfield>
  <controlfield tag="003">DLC</controlfield>
  <controlfield tag="005">20040522033133.0</controlfield>
  <controlfield tag="008">040521n| acannaabn          |a ana      </controlfield>
  <datafield tag="010" ind1=" " ind2=" ">
    <subfield code="a">nr2004015791</subfield>
  </datafield>
  <datafield tag="040" ind1=" " ind2=" ">
    <subfield code="a">DLC-R</subfield>
    <subfield code="b">eng</subfield>
    <subfield code="c">DLC-R</subfield>
  </datafield>
  <datafield tag="110" ind1="2" ind2=" ">
    <subfield code="a">Zhong gong Rongshui Miaozu Zizhixian wei</subfield>
  </datafield>
  <datafield tag="410" ind1="2" ind2=" ">
    <subfield code="a">Zhongguo gong chan dang.</subfield>
    <subfield code="b">Rongshui Miaozu Zizhixian wei</subfield>
  </datafield>
  <datafield tag="670" ind1=" " ind2=" ">
    <subfield code="a">Zhongguo gong chan dang Guangxi Zhuangzu Zizhiqu Rongshui Miaozu Zizhixian zu zhi shi zi liao, 1937-1987, 1992 i.e. 1993:</subfield>
    <subfield code="b">colophon (Zhong gong Rongshui Miaozu Zizhixian wei)</subfield>
  </datafield>
</record>